<?xml version="1.0" encoding="UTF-8"?><record xmlns="http://www.loc.gov/MARC21/slim" xmlns:cinclude="http://apache.org/cocoon/include/1.0" xmlns:zs="http://www.loc.gov/zing/srw/">
  <leader>00448nz  a2200145n  4500</leader>
  <controlfield tag="001">n 2013068124</controlfield>
  <controlfield tag="003">DLC</controlfield>
  <controlfield tag="005">20131118093128.0</controlfield>
  <controlfield tag="008">131118n| azannaabn          |n aaa      </controlfield>
  <datafield tag="010" ind1=" " ind2=" ">
    <subfield code="a">n 2013068124</subfield>
  </datafield>
  <datafield tag="040" ind1=" " ind2=" ">
    <subfield code="a">DLC</subfield>
    <subfield code="b">eng</subfield>
    <subfield code="c">DLC</subfield>
    <subfield code="e">rda</subfield>
  </datafield>
  <datafield tag="046" ind1=" " ind2=" ">
    <subfield code="f">1841</subfield>
    <subfield code="g">1930</subfield>
  </datafield>
  <datafield tag="100" ind1="1" ind2=" ">
    <subfield code="a">Lopacher, Ulrich,</subfield>
    <subfield code="d">1841-1930</subfield>
  </datafield>
  <datafield tag="670" ind1=" " ind2=" ">
    <subfield code="a">Un suizo en la Guerra del Paraguay, 1969:</subfield>
    <subfield code="b">t.p. (Ulrich Lopacher)</subfield>
  </datafield>
  <datafield tag="670" ind1=" " ind2=" ">
    <subfield code="a">LC database, Nov. 18, 2013:</subfield>
    <subfield code="b">(hdg.: Lopacher, Ulrich, 1841-1930)</subfield>
  </datafield>
</record>